@inproceedings{stewart2010cyberinfrastructure,
  title={What is cyberinfrastructure},
  author={Stewart, Craig A and Simms, Stephen and Plale, Beth and Link, Matthew and Hancock, David Y and Fox, Geoffrey C},
  booktitle={Proceedings of the 38th annual ACM SIGUCCS fall conference: navigation and discovery},
  pages={37--44},
  year={2010},
  organization={ACM}
}
@article{lawrence2015science,
  title={Science gateways today and tomorrow: positive perspectives of nearly 5000 members of the research community},
  author={Lawrence, Katherine A and Zentner, Michael and Wilkins-Diehr, Nancy and Wernert, Julie A and Pierce, Marlon and Marru, Suresh and Michael, Scott},
  journal={Concurrency and Computation: Practice and Experience},
  volume={27},
  number={16},
  pages={4252--4268},
  year={2015},
  publisher={Wiley Online Library}
}

@article{hacker2007making,
  title={Making research cyberinfrastructure a strategic choice},
  author={Hacker, Thomas J and Wheeler, Bradley C},
  journal={Educause Quarterly},
  volume={30},
  number={1},
  pages={21},
  year={2007},
  publisher={EDUCAUSE}
}

@article{mclennan2010hubzero,
  title={HUBzero: a platform for dissemination and collaboration in computational science and engineering},
  author={McLennan, Michael and Kennell, Rick},
  journal={Computing in Science \& Engineering},
  volume={12},
  number={2},
  year={2010},
  publisher={IEEE}
}

@inproceedings{dooley2012software,
  title={Software-as-a-service: the iPlant foundation API},
  author={Dooley, Rion and Vaughn, Matthew and Stanzione, Dan and Terry, Steve and Skidmore, Edwin},
  booktitle={5th IEEE Workshop on Many-Task Computing on Grids and Supercomputers (MTAGS)},
  year={2012}
}
@inproceedings{marru2011apache,
  title={Apache airavata: a framework for distributed applications and computational workflows},
  author={Marru, Suresh and Gunathilake, Lahiru and Herath, Chathura and Tangchaisin, Patanachai and Pierce, Marlon and Mattmann, Chris and Singh, Raminder and Gunarathne, Thilina and Chinthaka, Eran and Gardler, Ross and others},
  booktitle={Proceedings of the 2011 ACM workshop on Gateway computing environments},
  pages={21--28},
  year={2011},
  organization={ACM}
}
@article{goecks2010galaxy,
  title={Galaxy: a comprehensive approach for supporting accessible, reproducible, and transparent computational research in the life sciences},
  author={Goecks, Jeremy and Nekrutenko, Anton and Taylor, James},
  journal={Genome biology},
  volume={11},
  number={8},
  pages={R86},
  year={2010},
  publisher={BioMed Central}
}
@article{kluyver2016jupyter,
  title={Jupyter Notebooks--a publishing format for reproducible computational workflows},
  author={Kluyver, Thomas and Ragan-Kelley, Benjamin and P{\'e}rez, Fernando and Granger, Brian and Bussonnier, Matthias and Frederic, Jonathan and Kelley, Kyle and Hamrick, Jessica and Grout, Jason and Corlay, Sylvain and others},
  journal={Positioning and Power in Academic Publishing: Players, Agents and Agendas},
  pages={87},
  year={2016}
}
@article{pierce2015patching,
  title={Patching It Up, Pulling It Forward},
  author={Pierce, Marlon E and Marru, Suresh and Mattmann, Chris},
  journal={Journal of Open Research Software},
  volume={3},
  number={1},
  year={2015},
  publisher={Ubiquity Press}
}
@article{nakandala2016apache,
  title={Apache Airavata Security Manager: Authentication and Authorization Implementations for a Multi-Tenant eScience Framework},
  author={Nakandala, Supun and Gunasinghe, Hasini and Marru, Suresh and Pierce, Marlon},
  year={2016}
}
@article{welch2007aaaa,
  title={A AAAA model to support science gateways with community accounts},
  author={Welch, Von and Barlow, Jim and Basney, James and Marcusiu, Doru and Wilkins-Diehr, Nancy},
  journal={Concurrency and Computation: Practice and Experience},
  volume={19},
  number={6},
  pages={893--904},
  year={2007},
  publisher={Wiley Online Library}
}

@misc{wso2IS,
  title={WSO2 Identity Server}, author={WSO2}, url={https://wso2.com/identity-and-access-management}, journal={WSO2},   year={2017}
}

@misc{keycloak,
  title={Key Cloak Identity and Access Management}, author={Redhat}, url={http://www.keycloak.org/}, journal={Redhat},   year={2017}
}

@article{wilkins2008teragrid,
  title={TeraGrid science gateways and their impact on science},
  author={Wilkins-Diehr, Nancy and Gannon, Dennis and Klimeck, Gerhard and Oster, Scott and Pamidighantam, Sudhakar},
  journal={Computer},
  volume={41},
  number={11},
  year={2008},
  publisher={IEEE}
}
